<?xml version="1.0" encoding="UTF-8"?>
<record xmlns="http://www.loc.gov/MARC21/slim" xmlns:xsi="http://www.w3.org/2001/XMLSchema-instance" xsi:schemaLocation="http://www.loc.gov/MARC21/slim http://www.loc.gov/standards/marcxml/schema/MARC21slim.xsd">
<leader>     cam a2200325   4500</leader>
<controlfield tag="001">001678156</controlfield>
<controlfield tag="003">NNU</controlfield>
<controlfield tag="005">20001218203503.0</controlfield>
<controlfield tag="008">890401s1969    iq       b    000 0 ara d</controlfield>
<datafield tag="010" ind1=" " ind2=" ">
<subfield code="a">79228244</subfield>
</datafield>
<datafield tag="035" ind1="9" ind2=" ">
<subfield code="a">NYUb12221541</subfield>
</datafield>
<datafield tag="035" ind1=" " ind2=" ">
<subfield code="a">(CU-SB)notisAKK0073</subfield>
</datafield>
<datafield tag="035" ind1=" " ind2=" ">
<subfield code="a">(OCoLC)23513311</subfield>
</datafield>
<datafield tag="035" ind1=" " ind2=" ">
<subfield code="a">(CStRLIN)CASXAKK0073-B</subfield>
</datafield>
<datafield tag="040" ind1=" " ind2=" ">
<subfield code="a">EYM</subfield>
<subfield code="c">EYM</subfield>
<subfield code="d">CUY</subfield>
</datafield>
<datafield tag="043" ind1=" " ind2=" ">
<subfield code="a">a-iq---</subfield>
</datafield>
<datafield tag="050" ind1="0" ind2=" ">
<subfield code="a">DS76.4</subfield>
<subfield code="b">.K465 (Orien Arab)</subfield>
</datafield>
<datafield tag="100" ind1="1" ind2=" ">
<subfield code="a">Khālidi, Fāḍil.</subfield>
</datafield>
<datafield tag="245" ind1="1" ind2="3">
<subfield code="a">al-Ḥayāt al-siyāsīyah wa-nuẓum al-ḥukm fī al-ʻIrāq,</subfield>
<subfield code="b">khilāla al-qarn al-khāmis al-Hijrī</subfield>
<subfield code="c">[taʼlīf] Fāḍil al-Khālidī.</subfield>
</datafield>
<datafield tag="250" ind1=" " ind2=" ">
<subfield code="a">[al-Ṭabʻah 1.]</subfield>
</datafield>
<datafield tag="260" ind1=" " ind2=" ">
<subfield code="a">Baghdād,</subfield>
<subfield code="b">Dār al-Adīb,</subfield>
<subfield code="c">1969.</subfield>
</datafield>
<datafield tag="300" ind1=" " ind2=" ">
<subfield code="a">14, 351 p.</subfield>
<subfield code="c">24 cm.</subfield>
</datafield>
<datafield tag="504" ind1=" " ind2=" ">
<subfield code="a">Includes bibliographical references (p. 297-[316]).</subfield>
</datafield>
<datafield tag="500" ind1=" " ind2=" ">
<subfield code="a">Cover title: Political life and governmental organizations in Irak during the fifth century of al-Hijree, by Fadil al-Khalidy.</subfield>
</datafield>
<datafield tag="502" ind1=" " ind2=" ">
<subfield code="a">Risālat al-Mājistīr -- Jāmiʻat al-Qāhirah.</subfield>
</datafield>
<datafield tag="651" ind1=" " ind2="0">
<subfield code="a">Iraq</subfield>
<subfield code="x">Politics and government.</subfield>
</datafield>
<datafield tag="740" ind1="0" ind2=" ">
<subfield code="a">Political life and governmental organizations in Irak during the fifth century of al-Hijree.</subfield>
</datafield>
<datafield tag="OWN" ind1=" " ind2=" ">
<subfield code="a">GENERAL</subfield>
</datafield>
<datafield tag="950" ind1=" " ind2=" ">
<subfield code="l">BMAIN</subfield>
<subfield code="a">DS76.4</subfield>
<subfield code="b">.K465</subfield>
</datafield>
<datafield tag="955" ind1=" " ind2=" ">
<subfield code="l">BMAIN</subfield>
<subfield code="c">1</subfield>
<subfield code="r">002068206</subfield>
</datafield>
<datafield tag="955" ind1=" " ind2=" ">
<subfield code="l">BMAIN</subfield>
<subfield code="c">2</subfield>
<subfield code="r">026877335</subfield>
</datafield>
<datafield tag="998" ind1=" " ind2=" ">
<subfield code="s">9115</subfield>
</datafield>
<datafield tag="AVA" ind1=" " ind2=" ">
<subfield code="a">NYU50</subfield>
<subfield code="b">BOBST</subfield>
<subfield code="c">Main Collection</subfield>
<subfield code="d">DS76.4 .K465</subfield>
<subfield code="e">unavailable</subfield>
<subfield code="t">Unavailable</subfield>
<subfield code="f">1</subfield>
<subfield code="g">1</subfield>
<subfield code="h">N</subfield>
<subfield code="i">0</subfield>
<subfield code="j">MAIN</subfield>
<subfield code="k">0</subfield>
</datafield>
</record>
